<?xml version="1.0" encoding="UTF-8"?><collection xmlns="http://www.loc.gov/MARC21/slim"><record><leader>00595nam--2200181-u-4500</leader><controlfield tag="001">000054979</controlfield><controlfield tag="002">20161230</controlfield><controlfield tag="005">20161230201051</controlfield><controlfield tag="008">120717s1000------------r-----000-0-fre-d</controlfield><datafield ind1=" " ind2=" " tag="040"><subfield code="a">IFIN-HH</subfield></datafield><datafield ind1=" " ind2=" " tag="041"><subfield code="a">fre</subfield></datafield><datafield ind1=" " ind2=" " tag="080"><subfield code="a">539.194:535.338.41(043)</subfield></datafield><datafield ind1="1" ind2=" " tag="100"><subfield code="a">Larcher, Nee Branciaro, Claudine</subfield></datafield><datafield ind1="1" ind2="0" tag="245"><subfield code="a">Couplages vibroniques dans une espece traitomique lineare ; effets de ces couplages sur la strucutre rovibronique de l'ion co2+</subfield><subfield code="b">These</subfield><subfield code="c">Claudine larcher, nee branciaro</subfield></datafield><datafield ind1=" " ind2=" " tag="260"><subfield code="a">Paris</subfield><subfield code="b">Univeriste</subfield><subfield code="c">1982</subfield></datafield><datafield ind1=" " ind2=" " tag="300"><subfield code="a">214P</subfield></datafield><datafield ind1=" " ind2=" " tag="852"><subfield code="a">71103</subfield><subfield code="c">539.19</subfield></datafield><datafield ind1=" " ind2=" " tag="CAT"><subfield code="a">Sys</subfield><subfield code="c">20120717</subfield><subfield code="h">140812</subfield></datafield></record></collection>